@article{AshbyQuellerBerretty1999,
  title={On the dominance of unidimensional rules in unsupervised categorization},
  author={Ashby, F. Gregory and Queller, Sarah and Berretty, Patricia M.},
  journal={Perception \& Psychophysics},
  volume={61},
  number={6},
  pages={1178--1199},
  year={1999},
  publisher={Springer}
}

@article{PittKimNavarroMyung2006,
  title={Global model analysis by parameter space partitioning},
  author={Pitt, M. A. and Kim, W. and Navarro, D. J. and Myung, J. I.},
  journal={Psychological Review},
  volume={113},
  pages={57--83},
  year={2006},
}

@article{xu2003measuring,
  title={Measuring explained variation in linear mixed effects models},
  author={Xu, Ronghui},
  journal={Statistics in medicine},
  volume={22},
  number={22},
  pages={3527--3541},
  year={2003},
  publisher={Wiley Online Library}
}

@article{treutwein1989perceptual,
  title={Perceptual spatial frequencyâ€”orientation surface: psychophysics and line element theory},
  author={Treutwein, Bernhard and Rentschler, I and Caelli, T},
  journal={Biological cybernetics},
  volume={60},
  number={4},
  pages={285--295},
  year={1989},
  publisher={Springer}
}

@article{dunn2012effect,
  title={The effect of feedback delay and feedback type on perceptual category learning: the limits of multiple systems.},
  author={Dunn, John C and Newell, Ben R and Kalish, Michael L},
  journal={Journal of Experimental Psychology: Learning, Memory, and Cognition},
  volume={38},
  number={4},
  pages={840},
  year={2012},
  publisher={American Psychological Association}
}

@article{erickson1998rules,
  title={Rules and exemplars in category learning.},
  author={Erickson, Michael A and Kruschke, John K},
  journal={Journal of Experimental Psychology: General},
  volume={127},
  number={2},
  pages={107},
  year={1998},
  publisher={American Psychological Association}
}

@article{bohil2014implicit,
  title={Implicit learning mediates base rate acquisition in perceptual categorization},
  author={Bohil, Corey J and Wismer, Andrew J},
  journal={Psychonomic bulletin \& review},
  pages={1--8},
  year={2014},
  publisher={Springer}
}

@article{ell2009critrial,
  title={Critrial noise effects on rule-based category learning: The impact of delayed feedback},
  author={Ell, Shawn W and Ing, A David and Maddox, W Todd},
  journal={Attention, Perception, \& Psychophysics},
  volume={71},
  number={6},
  pages={1263--1275},
  year={2009},
  publisher={Springer}
}

@Article{Kruschke1996,
    author = "John K. Kruschke",
    title = "Dimensional relevance shifts in category learning",
    journal = "Connection Science",
    volume = "8",
    number = "2",
    pages = "225-247",
    year = "1996",
}

@Article{Kruschke1992,
    author = "John K. Kruschke",
    title = "ALCOVE: An exemplar-based connectionist model of category learning",
    journal = "Psychological Review",
    volume = "99",
    number = "1",
    pages = "22-44",
    year = "1992",
}

@Article{Nosofsky1986,
    author = "Robert M. Nosofsky",
    title = "Attention, Similarity, and the Identification-Categorization Relationship",
    journal = "Journal of Experimental Psychology: General",
    volume = "115",
    pages = "39-57",
    year = "1986",
}

@book{Wickens1993,
    author = "Jeff Wickens",
    title = "A Theory of the Striatum",
    publisher = "Pergamon Press",
    year = "1993",
}

@article{Willsetal2006,
  title={Formation of category representations},
  author={Wills, AJ and Noury, Malia and Moberly, Nicholas J and Newport, Matthew},
  journal={Memory \& cognition},
  volume={34},
  number={1},
  pages={17-27},
  year={2006},
  publisher={Springer}
}


@article{Maddoxetal2010,
  title={Category label and response location shifts in category learning},
  author={Maddox, W Todd and Glass, Brian D and O'Brien, Jeffrey B and Filoteo, J Vincent and Ashby, F Gregory},
  journal={Psychological Research},
  volume={74},
  number={2},
  pages={219-236},
  year={2010},
  publisher={Springer}
}

@Article{PsychoPy,
    author = "Jonathan W. Peirce",
    title = "PsychoPy -- Psychophysics software in Python",
    journal = "Journal of Neuroscience Methods",
    volume = "162",
    pages = "8-13",
    year = "2007",
}

@Article{ Smithetal2010,
    author = "J. David Smith and M. J. Beran and M. J. Crossley and J. T. Boomer and F. G. Ashby",
    title = "Implicit and explicit category learning by macaques (Macaca mulatta) and humans (Homo sapiens)",
    journal = "Journal of Experimental Psychology: Animal Behavior Processes",
    volume = "36",
    pages = "54-65",
    year = "2010",
}

@Article{AshbyGott1988,
    author = "F. Gregory Ashby and R. E. Gott",
    title = "Decision rules in the perception and categorization of multidimensional stimuli",
    journal = "Journal of Experimental Psychology: Learning, Memory, and Cognition",
    volume = "14",
    pages = "33-53",
    year = "1988",
}

@Article{ Sanders1971,
    author = {B. Sanders},
    title = {Factors affecting reversal and nonreversal shifts in rats and children},
    journal = {Journal of Comparative and Physiological Psychology},
    year = "1971",
    volume = "74",
    pages = "192-202",
}

@Article{ AshbyMaddox2005,
    author = {F. G. Ashby and W. T. Maddox},
    title = {Human category learning},
    journal = {Annual Review os Psychology},
    volume = {56},
    pages = {149-178},
    year = 2005,
}

@Article{ MaddoxAshbyBohil2003,
    author = {W. T. Maddox and F. Gregory Ashby and C. J. Bohil},
    title = {Delayed feedback effects on rule-based and information-integration category learning},
    journal = {Journal of Experimental Psychology: Learning, Memory, and Cognition},
    volume = {29},
    pages = {650/662},
    year = 2003,
}

@Article{ MaddoxIng2005,
    author = {W. T. Maddox and A. D. Ing},
    title = {Delayed feedback disrupts the procedural-learning system but not the hypothesis testing system in perceptual category learning},
    journal = {Journal of Experimental Psychology:  Learning, Memory, and Cognition},
    volume = {31},
    number = "1",
    pages = {100-107},
    year = 2005,
}

@Article{ AshbyEllWaldron2003,
    author = {F. G. Ashby and S. W. Ell and E. M Waldron},
    title = {Procedural learning in perceptual categorization},
    journal = {Memory \& Cognition},
    volume = {31},
    pages = {1114-1125},
    year = 2003,
}

@Article{ MaddoxBohilIng2004,
    author = {W. T. Maddox and C. J. Bohil and A. D. Ing},
    title = {Evidence for a procedural learning-based system in category learning},
    journal = {Psychonomic Bulletin \& Review},
    volume = {11},
    number = "5",
    pages = {945-952},
    year = 2004,
}

@Article{ AshbyMaddoxBohil2002,
    author = {F. G. Ashby and W. T Maddox and C. J. Bohil},
    title = {Observational versus feedback training in rule-based and information-integration category learning},
    journal = {Memory \& Cognition},
    volume = {30},
    pages = {666-677},
    year = 2002,
}

@Article{ WaldronAshby2001,
    author = {E. M. Waldron and F. G. Ashby},
    title = {The effects of concurrent task interference on category learning: Evidence for multiple category learning systems},
    journal = {Psychonomic Bulletin \& Review},
    volume = {8},
    pages = {168-176},
    year = 2001,
}

@Article{ ZeithamovaMaddox2006,
    author = {D. Zeithamova and W. T. Maddox},
    title = {Dual-task interference in perceptual category learning},
    journal = {Memory \& Cognition},
    volume = {34},
    number = "2",
    pages = {387-398},
    year = 2006,
}

@Article{ MAIP2004,
    author = {W. T. Maddox and F. G. Ashby and A. D. Ing and A. D. Pickering},
    title = {Disrupting feedback processing interferes with rule-based but not information-integration category learning},
    journal = {Memory \& Cognition},
    volume = {32},
    pages = {582-591},
    year = 2004,
}

@Article{ AshbyOBrien2005,
    author = {F. G. Ashby and J. B. O'Brien},
    title = {Category learning and multiple memory systems},
    journal = {TRENDS in Cognitive Science},
    volume = {2},
    pages = {83-89},
    year = 2005,
}

@Article{ AshbyMaddox2010,
    author = {F. G. Ashby and W. T. Maddox},
    title = {Human category learning 2.0},
    journal = {Annals of the New York Academy of Sciences},
    volume = {1224},
    pages = {147-161},
    year = 2010,
}

@Article{ BadgaiyanEtAl2007,
    author = {R. D. Badgaiyan and A. J. Fischman and N. M. Alpert},
    title = {Striatal dopamine release in sequential learning},
    journal = {Neuroimage},
    volume = {38},
    pages = {549-556},
    year = 2007,
}

@Article{ GraftonHazeltineIvry1995,
    author = {S. T. Grafton and E. Hazeltine and R. B. Ivry},
    title = {Functional mapping of sequence learning in normal humans},
    journal = {Journal of Cognitive Neuroscience},
    volume = {7},
    pages = {497-510},
    year = 1995,
}

@book{Heaton1981,
  title={A manual for the Wisconsin card sorting test},
  author={Heaton, Robert K},
  year={1981},
  publisher={Western Psycological Services}
  address = {Odessa, FL},
}

@incollection{JacksonHoughton1995,
  address = {Cambridge, MA},
  author = {Jackson, S. and Houghton, G.},
  booktitle = {Models of Information Processing in the Basal Ganglia},
  editor = {Houk, J. C. and Davis, J. L. and Beiser, D. G.},
  pages = {337-368},
  publisher = {MIT Press},
  title = {Sensorimotor Selection and the Basal Ganglia: A Neural Network Model},
  year = 1995
}

@Article{KnopmanNissen1991,
title = "Procedural learning is impaired in Huntington's disease: Evidence from the serial reaction time task ",
journal = "Neuropsychologia ",
volume = "29",
number = "3",
pages = "245 - 254",
year = "1991",
note = "",
issn = "0028-3932",
doi = "http://dx.doi.org/10.1016/0028-3932(91)90085-M",
author = "David Knopman and Mary Jo Nissen"
}

@book{Rudy2014,
  title={The neurobiology of learning and memory},
  author={Rudy, Jerry W},
  year={2014},
  publisher={Sinauer Sunderland, MA}
}

@article{LismanSchulmanCline2002,
  title={The molecular basis of CaMKII function in synaptic and behavioural memory},
  author={Lisman, John and Schulman, Howard and Cline, Hollis},
  journal={Nature Reviews Neuroscience},
  volume={3},
  number={3},
  pages={175--190},
  year={2002},
  publisher={Nature Publishing Group}
}

@article{Worthyetal2013,
  title={Feedback and stimulus-offset timing effects in perceptual category learning},
  author={Worthy, Darrell A and Markman, Arthur B and Maddox, W Todd},
  journal={Brain and cognition},
  volume={81},
  number={2},
  pages={283--293},
  year={2013},
  publisher={Elsevier}
}

@ARTICLE{ValentinMaddoxAshby2014,
    AUTHOR={Valentin, Vivian V.  and  Maddox, W. Todd  and  Ashby, F. Gregory},   
    TITLE={A Computational Model of the Temporal Dynamics of Plasticity in Procedural Learning: Sensitivity to Feedback Timing},      
    JOURNAL={Frontiers in Psychology},      
    VOLUME={5},      
    YEAR={2014},      
    NUMBER={643},     
    DOI={10.3389/fpsyg.2014.00643},      
    ISSN={1664-1078} ,      
}

@article{MaddoxAshby1993,
  title={Comparing decision bound and exemplar models of categorization},
  author={Maddox, W Todd and Ashby, F Gregory},
  journal={Perception \& Psychophysics},
  volume={53},
  number={1},
  pages={49--70},
  year={1993},
  publisher={Springer}
}

@article{Schwarz1978,
  title={Estimating the dimension of a model},
  author={Schwarz, Gideon},
  journal={The annals of statistics},
  volume={6},
  number={2},
  pages={461--464},
  year={1978},
  publisher={Institute of Mathematical Statistics}
}

@article{AshbyWaldron1999,
  title={On the nature of implicit categorization},
  author={Ashby, F Gregory and Waldron, Elliott M},
  journal={Psychonomic Bulletin \& Review},
  volume={6},
  number={3},
  pages={363--378},
  year={1999},
  publisher={Springer}
}

@article{AshbyCOVIS1998,
  title={A neuropsychological theory of multiple systems in category learning.},
  author={Ashby, F. G. and Alfonso-Reese, L. A. and Turken, A. U. and Waldron, E. M},
  journal={Psychological review},
  volume={105},
  number={3},
  pages={442},
  year={1998},
  publisher={American Psychological Association}
}

@article{MagillBolamBevan2001,
  title={Dopamine regulates the impact of the cerebral cortex on the subthalamic nucleus--globus pallidus network},
  author={Magill, PJ and Bolam, JP and Bevan, MD},
  journal={Neuroscience},
  volume={106},
  number={2},
  pages={313--330},
  year={2001},
  publisher={Elsevier}
}

@article{CincottaSeger2007,
  title={Dissociation between striatal regions while learning to categorize via feedback and via observation},
  author={Cincotta, Corinna M and Seger, Carol A},
  journal={Journal of cognitive neuroscience},
  volume={19},
  number={2},
  pages={249--265},
  year={2007},
  publisher={MIT Press}
}

@article{SegerCincotta2002,
  title={Striatal activity in concept learning},
  author={Seger, Carol A and Cincotta, Corinna M},
  journal={Cognitive, affective, \& behavioral neuroscience},
  volume={2},
  number={2},
  pages={149--161},
  year={2002},
  publisher={Springer}
}

@article{WaldschmidtAshby2011,
  title={Cortical and striatal contributions to automaticity in information-integration categorization},
  author={Waldschmidt, Jennifer G and Ashby, F Gregory},
  journal={Neuroimage},
  volume={56},
  number={3},
  pages={1791--1802},
  year={2011},
  publisher={Elsevier}
}

@article{AshbyEnnisSpiering2007,
  title={A neurobiological theory of automaticity in perceptual categorization.},
  author={Ashby, F Gregory and Ennis, John M and Spiering, Brian J},
  journal={Psychological review},
  volume={114},
  number={3},
  pages={632},
  year={2007},
  publisher={American Psychological Association}
}

@article{CrossleyAshbyMaddox2013,
  title={Erasing the engram: The unlearning of procedural skills.},
  author={Crossley, Matthew J and Ashby, F Gregory and Maddox, W Todd},
  journal={Journal of Experimental Psychology: General},
  volume={142},
  number={3},
  pages={710},
  year={2013},
  publisher={American Psychological Association}
}

@article{AshbyCrossley2011,
  title={A computational model of how cholinergic interneurons protect striatal-dependent learning},
  author={Ashby, F Gregory and Crossley, Matthew J},
  journal={Journal of Cognitive Neuroscience},
  volume={23},
  number={6},
  pages={1549--1566},
  year={2011},
  publisher={MIT Press}
}

@article{BushMosteller1951,
  title={A model for stimulus generalization and discrimination.},
  author={Bush, Robert R and Mosteller, Frederick},
  journal={Psychological review},
  volume={58},
  number={6},
  pages={413},
  year={1951},
  publisher={American Psychological Association}
}

@article{AshbyHelie2011,
title = "A tutorial on computational cognitive neuroscience: Modeling the neurodynamics of cognition ",
journal = "Journal of Mathematical Psychology ",
volume = "55",
number = "4",
pages = "273 - 289",
year = "2011",
note = "",
issn = "0022-2496",
doi = "http://dx.doi.org/10.1016/j.jmp.2011.04.003",
author = "F. Gregory Ashby and Sebastien Helie",
keywords = "Computational cognitive neuroscience",
keywords = "Neural network modeling",
keywords = "Neuroscience "
}

@article{Izhikevich2003,
  title={Simple model of spiking neurons},
  author={Izhikevich, Eugene M},
  journal={IEEE Transactions on neural networks},
  volume={14},
  number={6},
  pages={1569--1572},
  year={2003}
}

@book{Izhikevich2007,
  title={Dynamical systems in neuroscience},
  author={Izhikevich, Eugene M},
  year={2007},
  publisher={MIT press}
}

@article{Rall1967,
  title={Distinguishing theoretical synaptic potentials computed for different soma-dendritic distributions of synaptic input.},
  author={Rall, W},
  journal={Journal of Neurophysiology},
  volume={30},
  number={5},
  pages={1138--1168},
  year={1967},
  publisher={Am Physiological Soc}
}

@article{Nomura2007,
  title={Neural correlates of rule-based and information-integration visual category learning},
  author={Nomura, EM and Maddox, WT and Filoteo, JV and Ing, AD and Gitelman, DR and Parrish, TB and Mesulam, MM and Reber, PJ},
  journal={Cerebral Cortex},
  volume={17},
  number={1},
  pages={37--43},
  year={2007},
  publisher={Oxford Univ Press}
}

@article{BayerGlimcher2005,
  title={Midbrain dopamine neurons encode a quantitative reward prediction error signal},
  author={Bayer, Hannah M and Glimcher, Paul W},
  journal={Neuron},
  volume={47},
  number={1},
  pages={129--141},
  year={2005},
  publisher={Elsevier}
}

@article{Clerc2012,
  title={Standard particle swarm optimisation},
  author={Clerc, Maurice},
  journal={Open access archive HAL},
  year={2012},
}

@article{Ermentrout1986,
  title={Parabolic bursting in an excitable system coupled with a slow oscillation},
  author={Ermentrout, GB and Kopell, N},
  journal={SIAM Journal on Applied Mathematics},
  volume={46},
  number={2},
  pages={233--253},
  year={1986},
  publisher={SIAM}
}

@article{AshbyEnnis2006,
  title={The role of the basal ganglia in category learning},
  author={Ashby, F. G. and Ennis, J. M.},
  journal={Psychology of Learning and Motivation},
  volume={46},
  pages={1--36},
  year={2006},
}

@book{BungeWallis2007,
  title={Neuroscience of rule-guided behavior},
  author={Bunge, Silvia A and Wallis, Jonathan D},
  location={New York},
  year={2007},
  publisher={Oxford University Press}
}

@article{CrossleyAshby2015,
  title={Procedural learning during declarative control},
  author={Crossley, M. J. and Ashby, F. G.},
  journal={Journal of Experimental Psychology: Learning, Memory, and Cognition},
  volume={},
  number={},
  pages={},
  year={in press},
  publisher={American Psychological Association}
}

@incollection{HoukAdamsBarto1995,
  address = {Cambridge, MA},
  author = {Houk, J. C. and Adams, J. L. and Barto, A. G.},
  booktitle = {Models of Information Processing in the Basal Ganglia},
  editor = {Houk, J. C. and Davis, J. L. and Beiser, D. G.},
  pages = {249-270},
  publisher = {MIT Press},
  title = {A model of how the basal ganglia generate and use neural signals that predict reinforcement},
  year = 1995
}

@book{MacmillanCreelman2005,
  title={Detection theory: A user's guide},
  author={Macmillan, Neil A and Creelman, C Douglas},
  year={2005},
  location={Mahwah, NJ}
  publisher={Lawrence Erlbaum Associates, Inc.}
  }
  
 @incollection{MishkinEtAl1984,
  address = {New York},
  author = {Mishkin, M. and Malamut, B. and Bachevalier, J.},
  booktitle = {Neurobiology of human learning and memory},
  editor = {Lynch, G. and McGaugh, J. L. and Weinberger, N. M.},
  pages = {65-77},
  publisher = {Guilford Press},
  title = {Memories and habits: Two neural systems},
  year = {1984}
}
  
  @article{SmithEll2015,
  title={One giant leap for categorizers: One small step for categorization theory},
  author={Smith, J David and Ell, Shawn W},
  journal={PloS One},
  volume={10},
  number={9},
  pages={e0137334},
  year={2015},
  publisher={Public Library of Science}
}

@article{Willingham1998,
  title={A neuropsychological theory of motor skill learning},
  author={Willingham, D. B.},
  journal={Psychological Review},
  volume={105},
  pages={558--584},
  year={1998},
  publisher={American Psychological Association}
}
  
@article{YagishitaEtAl2014,
  title={A critical time window for dopamine actions on the structural plasticity of dendritic spines},
  author={Yagishita, Sho and Hayashi-Takagi, Akiko and Ellis-Davies, Graham CR and Urakubo, Hidetoshi and Ishii, Shin and Kasai, Haruo},
  journal={Science},
  volume={345},
  number={6204},
  pages={1616--1620},
  year={2014},
  publisher={American Association for the Advancement of Science}
}

